@article{Borges2018,
  title = {What's in a GitHub Star? Understanding Repository Starring Practices in a Social Coding Platform},
  author = {Borges, Hudson and Valente, Marco Tulio},
  journal = {arXiv preprint arXiv:1811.07643v1},
  year = {2018},
  note = {Preprint submitted to Elsevier, November 20, 2018},
  url = {https://arxiv.org/pdf/1811.07643}
}

@misc{Bogner2022,
  title = {To Type or Not to Type? A Systematic Comparison of the Software Quality of {JavaScript} and {TypeScript} Applications on {GitHub}},
  author = {Bogner, Justus and Merkel, Manuel},
  year = {2022},
  eprint = {2203.11115},
  archivePrefix = {arXiv},
  primaryClass = {cs.SE},
  url = {https://arxiv.org/pdf/2203.11115v1.pdf}
}

@misc{SonarQube,
  title = {SonarQube},
  publisher = {SonarSource},
  year = {2025},
  howpublished = {\url{https://www.sonarsource.com/products/sonarqube/}}
}

@misc{GitHub-Api,
  title = {GitHub API Documentation},
  publisher = {GitHub},
  year = {2025},
  howpublished = {\url{https://docs.github.com/en}}
}
